@inproceedings{pakhomov2005abbreviation,
  title={Abbreviation and acronym disambiguation in clinical discourse},
  author={Pakhomov, Serguei and Pedersen, Ted and Chute, Christopher G},
  booktitle={AMIA annual symposium proceedings},
  volume={2005},
  pages={589},
  year={2005},
  organization={American Medical Informatics Association}
}

@article{joopudi2018convolutional,
  title={A convolutional route to abbreviation disambiguation in clinical text},
  author={Joopudi, Venkata and Dandala, Bharath and Devarakonda, Murthy},
  journal={Journal of biomedical informatics},
  volume={86},
  pages={71--78},
  year={2018},
  publisher={Elsevier}
}

@article{jaber2022disambiguating,
  title={Disambiguating clinical abbreviations using a one-fits-all classifier based on deep learning techniques},
  author={Jaber, Areej and Mart\'inez, Paloma},
  journal={Methods of Information in Medicine},
  volume={61},
  number={S 01},
  pages={e28--e34},
  year={2022},
  publisher={Georg Thieme Verlag KG}
}